
@misc{muller2020rumble,
	title={Rumble: Data Independence for Large Messy Data Sets}, 
	author={Ingo MÃ¼ller and Ghislain Fourny and Stefan Irimescu and Can Berker Cikis and Gustavo Alonso},
	year={2020},
	eprint={1910.11582},
	archivePrefix={arXiv},
	primaryClass={cs.DB}
}

@online{TestSuite,
	author = {W3C},
	title = {XQuery/XPath/XSLT 3.* Test Suite},
	year = 1994-2013,
	url = {https://dev.w3.org/2011/QT3-test-suite/},
	urldate = {2020-12-06}
}

@online{JSONiq,
	author = {jsoniq.org},
	title = {JSONiq - The JSON Query language},
	year = 2011-2020,
	url = {hhttps://www.jsoniq.org},
	urldate = {2020-12-06}
}

@online{TestSuiteCVSRepository,
	author = {W3C},
	title = {XQuery/XPath/XSLT 3.* Test Suite CVS Repository},
	year = 2011,
	url = {https://dev.w3.org/cvsweb/2011/QT3-test-suite/},
	urldate = {2020-12-06}
}

@online{TestSuiteGitHubRepository,
	author = {W3C},
	title = {XQuery/XPath/XSLT 3.* Test Suite GitHub Repository},
	year = 2020,
	url = {https://github.com/w3c/qt3tests},
	urldate = {2020-12-06}
}

@online{Saxon,
	author = {Michael H. Kay},
	title = {SAXON: The XSLT and XQuery Processor},
	year = 2020,
	url = {http://saxon.sourceforge.net},
	urldate = {2020-12-06}
}

@online{SaxonReport,
	author = {Michael H. Kay},
	title = {QT3 Test Suite Result Summary},
	year = 2016,
	url = {https://dev.w3.org/2011/QT3-test-suite/ReportingResults31/report.html},
	urldate = {2020-12-06}
}
